# Fichero de bibliograf?a (escribir en UTF-8)
@Book{Avila,
title = {El modelo de gravedad y los determinantes del comercio entre Colombia y sus principales socios económicos},
author = {H (2016), Avila},
publisher = {},
year = {},
edition = {},
}
@Book{Gujarati2009,
  title = {Basic Econometrics},
  author = {D, Gujarati and D (2009), Porter},
  publisher = {Mc Graw Hill},
  year = {2009},
  edition = {Fifth},
}
@Book{Hamilton,
  title = {Time Series Analysis},
  author = {J (1994), Hamilton},
  publisher = {Princeton University},
  year = {},
  edition = {first},
}
@Book{Watson,
  title = {Introduction to econometrics},
  author = {J, Stock and M (2005), Watson},
  publisher = {Pearson Education},
  year = {},
  edition = {fourth},
}
@Book{Ortega,
  title = {Etimologías lenguaje culto y científico},
  author = {E (2005), Ortega},
  publisher = {Ed. Diana},
  year = {},
  edition = {second},
}
@Book{Krugman,
  title = {Economía internacional: teoría y política},
  author = {P, Krugman and M,Obstfeld and J (2012),Melitz},
  publisher = {Pearson},
  year = {},
  edition = {ninth},
}
@book{Hendry1995,
address = {Cambrindge, United Kingdom},
author = {D (1995), Hendry},
edition = {1st},
publisher = {Oxford University Press},
title = {Dynamic Econometrics},
url = {https://oxford.universitypressscholarship.com/view/10.1093/0198283164.001.0001/acprof-9780198283164},
year = {},
bdsk-url-1 = {https://oxford.universitypressscholarship.com/view/10.1093/0198283164.001.0001/acprof-9780198283164},
}
@article{VarelaTorres2009,
author = {R, Varela Llamas, V (1995), Torres},
date-added = {2021-11-19 10:44:48 -0500},
date-modified = {2021-11-19 10:46:23 -0500},
journal = {An{\'a}lisis Econ{\'o}mico},
month = {Agosto},
number = {57},
pages = {278-294},
title = {Estimaci{\'o}n de la tasa de desempleo no aceleradora de la inflaci{\'o}n en M{\'e}xico},
volume = {24},
year = {2009},
bdsk-file-1 = {YnBsaXN0MDDSAQIDBFxyZWxhdGl2ZVBhdGhZYWxpYXNEYXRhbxByAC4ALgAvAC4ALgAvAFAAYQByAHQAZQAgAGkAbwAvAFAAaABpAGwAbABpAHAAcwAgACYAIABOAEEASQBSAFUALwBFAHMAdABpAG0AYQBjAGkAbwMBAG4AIABkAGUAIABsAGEAIAB0AGEAcwBhACAAZABlACAAZABlAHMAZQBtAHAAbABlAG8AIABuAG8AIABhAGMAZQBsAGUAcgBhAGQAbwByAGEAIABkAGUAIABsAGEAIABpAG4AZgBsAGEAYwBpAG8DAQBuACAAZQBuACAATQBlAwEAeABpAGMAbwAuAHAAZABmTxECqAAAAAACqAACAAAGVXBkYXRlAAAAAAAAAAAAAAAAAAAAAAAAAAAAAAAAAEJEAAH/////H0VzdGltYWNpl24gZGUgbGEgdCNGRkZGRkZGRi5wZGYAAAAAAAAAAAAAAAAAAAAAAAAAAAAAAAAAAAAAAAAAAP////8AAAAAAAAAAAAAAAAAAgADAAAKIGN1AAAAAAAAAAAAAAAAABBQaGlsbGlwcyAmIE5BSVJVAAIAli86VXNlcnM6c2FudGlhZ29idWxhOkRlc2t0b3A6VGFrZSBIb21lOlBhcnRlIGlvOlBoaWxsaXBzICYgTkFJUlU6RXN0aW1hY2lvzIFuIGRlIGxhIHRhc2EgZGUgZGVzZW1wbGVvIG5vIGFjZWxlcmFkb3JhIGRlIGxhIGluZmxhY2lvzIFuIGVuIE1lzIF4aWNvLnBkZgAOAKYAUgBFAHMAdABpAG0AYQBjAGkAbwMBAG4AIABkAGUAIABsAGEAIAB0AGEAcwBhACAAZABlACAAZABlAHMAZQBtAHAAbABlAG8AIABuAG8AIABhAGMAZQBsAGUAcgBhAGQAbwByAGEAIABkAGUAIABsAGEAIABpAG4AZgBsAGEAYwBpAG8DAQBuACAAZQBuACAATQBlAwEAeABpAGMAbwAuAHAAZABmAA8ADgAGAFUAcABkAGEAdABlABIAlFVzZXJzL3NhbnRpYWdvYnVsYS9EZXNrdG9wL1Rha2UgSG9tZS9QYXJ0ZSBpby9QaGlsbGlwcyAmIE5BSVJVL0VzdGltYWNpb8yBbiBkZSBsYSB0YXNhIGRlIGRlc2VtcGxlbyBubyBhY2VsZXJhZG9yYSBkZSBsYSBpbmZsYWNpb8yBbiBlbiBNZcyBeGljby5wZGYAEwABLwAAFQACABP//wAAAAgADQAaACQBCwAAAAAAAAIBAAAAAAAAAAUAAAAAAAAAAAAAAAAAAAO3},
}



@techreport{FarneVivasYepes1995,
address = {Bogotá D.C, Colombia},
author = {S, Ferné, A, Vivas, T (1995), Yepes.},
date-added = {2021-11-19 10:41:56 -0500},
date-modified = {2021-11-19 10:44:05 -0500},
institution = {Ministerio de trabajo y seguridad social.},
journal = {Cuadernos de Empleo},
number = {1},
title = {Estimaci{\'o}n de la tasa natural de desempleo en Colombia.},
volume = {12},
year = {},
}

@book{DeMarzo,
author = {J, Berk and P (2008), DeMarzo},
edition = {sixth},
publisher = {Pearson Education},
title = {Finanzas Corporativas},
year = {2008},
bdsk-file-1 = {YnBsaXN0MDDSAQIDBFxyZWxhdGl2ZVBhdGhZYWxpYXNEYXRhXxAxLi4vLi4vRW51bmNpYWRvcy9maW5hbnphcy1jb3Jwb3JhdGl2YXMtYmVyay0yLnBkZk8RAbYAAAAAAbYAAgAABlVwZGF0ZQAAAAAAAAAAAAAAAAAAAAAAAAAAAAAAAABCRAAB/////x9maW5hbnphcy1jb3Jwb3JhdGkjRkZGRkZGRkYucGRmAAAAAAAAAAAAAAAAAAAAAAAAAAAAAAAAAAAAAAAAAAD/////AAAAAAAAAAAAAAAAAAIAAgAACiBjdQAAAAAAAAAAAAAAAAAKRW51bmNpYWRvcwACAFIvOlVzZXJzOnNhbnRpYWdvYnVsYTpEZXNrdG9wOlRha2UgSG9tZTpFbnVuY2lhZG9zOmZpbmFuemFzLWNvcnBvcmF0aXZhcy1iZXJrLTIucGRmAA4AQgAgAGYAaQBuAGEAbgB6AGEAcwAtAGMAbwByAHAAbwByAGEAdABpAHYAYQBzAC0AYgBlAHIAawAtADIALgBwAGQAZgAPAA4ABgBVAHAAZABhAHQAZQASAFBVc2Vycy9zYW50aWFnb2J1bGEvRGVza3RvcC9UYWtlIEhvbWUvRW51bmNpYWRvcy9maW5hbnphcy1jb3Jwb3JhdGl2YXMtYmVyay0yLnBkZgATAAEvAAAVAAIAE///AAAACAANABoAJABYAAAAAAAAAgEAAAAAAAAABQAAAAAAAAAAAAAAAAAAAhI=},
}

@article{Triana2015,
author = {J (2015),Triana},
date-added = {2021-11-19 10:36:37 -0500},
date-modified = {2021-11-19 10:38:53 -0500},
journal = {Entramado},
month = {Agosto},
number = {1},
pages = {2-5, 12-15},
title = {La tasa natural de desempleo en Colombia 2003 -- 2010},
volume = {11},
year = {2015},
bdsk-file-1 = {YnBsaXN0MDDSAQIDBFxyZWxhdGl2ZVBhdGhZYWxpYXNEYXRhXxA1Li4vLi4vUGFydGUgaW8vUGhpbGxpcHMgJiBOQUlSVS9Db250ZW50U2VydmVyLmFzcC5wZGZPEQGuAAAAAAGuAAIAAAZVcGRhdGUAAAAAAAAAAAAAAAAAAAAAAAAAAAAAAAAAQkQAAf////8VQ29udGVudFNlcnZlci5hc3AucGRmAAAAAAAAAAAAAAAAAAAAAAAAAAAAAAAAAAAAAAAAAAAAAAAAAAAAAAAA/////wAAAAAAAAAAAAAAAAACAAMAAAogY3UAAAAAAAAAAAAAAAAAEFBoaWxsaXBzICYgTkFJUlUAAgBWLzpVc2VyczpzYW50aWFnb2J1bGE6RGVza3RvcDpUYWtlIEhvbWU6UGFydGUgaW86UGhpbGxpcHMgJiBOQUlSVTpDb250ZW50U2VydmVyLmFzcC5wZGYADgAsABUAQwBvAG4AdABlAG4AdABTAGUAcgB2AGUAcgAuAGEAcwBwAC4AcABkAGYADwAOAAYAVQBwAGQAYQB0AGUAEgBUVXNlcnMvc2FudGlhZ29idWxhL0Rlc2t0b3AvVGFrZSBIb21lL1BhcnRlIGlvL1BoaWxsaXBzICYgTkFJUlUvQ29udGVudFNlcnZlci5hc3AucGRmABMAAS8AABUAAgAT//8AAAAIAA0AGgAkAFwAAAAAAAACAQAAAAAAAAAFAAAAAAAAAAAAAAAAAAACDg==},
}

@book{Mankiw2006,
author = {G (2006), Mankiw},
date-added = {2021-11-19 10:33:54 -0500},
date-modified = {2021-11-19 10:36:19 -0500},
edition = {Sexta edici{\'o}n},
editor = {Antoni Bosch},
title = {Macroeconom{\'\i}a},
year = {},
bdsk-file-1 = {YnBsaXN0MDDSAQIDBFxyZWxhdGl2ZVBhdGhZYWxpYXNEYXRhbxBIAC4ALgAvAC4ALgAvAEUAbgB1AG4AYwBpAGEAZABvAHMALwBHAHIAZQBnAG8AcgB5ACAATQBhAG4AawBpAHcAIAAtACAATQBhAGMAcgBvAGUAYwBvAG4AbwBtAGkDAQBhAC0AQQBuAHQAbwBuAGkAIABCAG8AcwBjAGgAIAAoADIAMAAxADcAKQAuAHAAZABmTxECFAAAAAACFAACAAAGVXBkYXRlAAAAAAAAAAAAAAAAAAAAAAAAAAAAAAAAAEJEAAH/////H0dyZWdvcnkgTWFua2l3IC0gTSNGRkZGRkZGRi5wZGYAAAAAAAAAAAAAAAAAAAAAAAAAAAAAAAAAAAAAAAAAAP////8AAAAAAAAAAAAAAAAAAgACAAAKIGN1AAAAAAAAAAAAAAAAAApFbnVuY2lhZG9zAAIAai86VXNlcnM6c2FudGlhZ29idWxhOkRlc2t0b3A6VGFrZSBIb21lOkVudW5jaWFkb3M6R3JlZ29yeSBNYW5raXcgLSBNYWNyb2Vjb25vbWnMgWEtQW50b25pIEJvc2NoICgyMDE3KS5wZGYADgBwADcARwByAGUAZwBvAHIAeQAgAE0AYQBuAGsAaQB3ACAALQAgAE0AYQBjAHIAbwBlAGMAbwBuAG8AbQBpAwEAYQAtAEEAbgB0AG8AbgBpACAAQgBvAHMAYwBoACAAKAAyADAAMQA3ACkALgBwAGQAZgAPAA4ABgBVAHAAZABhAHQAZQASAGhVc2Vycy9zYW50aWFnb2J1bGEvRGVza3RvcC9UYWtlIEhvbWUvRW51bmNpYWRvcy9HcmVnb3J5IE1hbmtpdyAtIE1hY3JvZWNvbm9tacyBYS1BbnRvbmkgQm9zY2ggKDIwMTcpLnBkZgATAAEvAAAVAAIAE///AAAACAANABoAJAC3AAAAAAAAAgEAAAAAAAAABQAAAAAAAAAAAAAAAAAAAs8=},
}

@book{Harrington1983,
address = {Prentice-Hall, Englewood Cliffs, Nueva Jersey},
author = {D (1983), Harrington},
date-added = {2021-11-19 10:46:25 -0500},
date-modified = {2021-11-19 10:50:31 -0500},
edition = {1st},
editor = {Prentice Hall Press},
number = {1},
pages = {p. 71.},
series = {1},
title = {Modern Portfolio Theory and the Capital Asset Pricing Model: A User's Guide},
year = {},
}

@article{PalmaFerreira2016,
author = {A, Aparecida , D (2017),  Ferreira},
date-added = {2021-11-19 10:39:03 -0500},
date-modified = {2021-11-19 10:41:27 -0500},
journal = {Estudios Economicos},
month = {Marzo},
number = {1},
pages = {39-63},
read = {1},
title = {NAIRU, Infla{\c c}{\~a}o e Curva de Phillips no Brasil: novas evid{\^e}ncias a partir de um modelo tempo-variante},
volume = {47},
year = {},
bdsk-file-1 = {YnBsaXN0MDDSAQIDBFxyZWxhdGl2ZVBhdGhZYWxpYXNEYXRhbxCMAC4ALgAvAC4ALgAvAFAAYQByAHQAZQAgAGkAbwAvAFAAaABpAGwAbABpAHAAcwAgACYAIABOAEEASQBSAFUALwBOAEEASQBSAFUALAAgAEkAbgBmAGwAYQBjAycAYQMDAG8AIABlACAAQwB1AHIAdgBhACAAZABlACAAUABoAGkAbABsAGkAcABzACAAbgBvACAAQgByAGEAcwBpAGwALQAgAG4AbwB2AGEAcwAgAGUAdgBpAGQAZQMCAG4AYwBpAGEAcwAgAGEAIABwAGEAcgB0AGkAcgAgAGQAZQAgAHUAbQAgAG0AbwBkAGUAbABvACAAdABlAG0AcABvAC0AdgBhAHIAaQBhAG4AdABlACAALgBwAGQAZk8RAxAAAAAAAxAAAgAABlVwZGF0ZQAAAAAAAAAAAAAAAAAAAAAAAAAAAAAAAABCRAAB/////x9OQUlSVSwgSW5mbGGNi28gZSAjRkZGRkZGRkYucGRmAAAAAAAAAAAAAAAAAAAAAAAAAAAAAAAAAAAAAAAAAAD/////AAAAAAAAAAAAAAAAAAIAAwAACiBjdQAAAAAAAAAAAAAAAAAQUGhpbGxpcHMgJiBOQUlSVQACALAvOlVzZXJzOnNhbnRpYWdvYnVsYTpEZXNrdG9wOlRha2UgSG9tZTpQYXJ0ZSBpbzpQaGlsbGlwcyAmIE5BSVJVOk5BSVJVLCBJbmZsYWPMp2HMg28gZSBDdXJ2YSBkZSBQaGlsbGlwcyBubyBCcmFzaWwtIG5vdmFzIGV2aWRlzIJuY2lhcyBhIHBhcnRpciBkZSB1bSBtb2RlbG8gdGVtcG8tdmFyaWFudGUgLnBkZgAOANoAbABOAEEASQBSAFUALAAgAEkAbgBmAGwAYQBjAycAYQMDAG8AIABlACAAQwB1AHIAdgBhACAAZABlACAAUABoAGkAbABsAGkAcABzACAAbgBvACAAQgByAGEAcwBpAGwALQAgAG4AbwB2AGEAcwAgAGUAdgBpAGQAZQMCAG4AYwBpAGEAcwAgAGEAIABwAGEAcgB0AGkAcgAgAGQAZQAgAHUAbQAgAG0AbwBkAGUAbABvACAAdABlAG0AcABvAC0AdgBhAHIAaQBhAG4AdABlACAALgBwAGQAZgAPAA4ABgBVAHAAZABhAHQAZQASAK5Vc2Vycy9zYW50aWFnb2J1bGEvRGVza3RvcC9UYWtlIEhvbWUvUGFydGUgaW8vUGhpbGxpcHMgJiBOQUlSVS9OQUlSVSwgSW5mbGFjzKdhzINvIGUgQ3VydmEgZGUgUGhpbGxpcHMgbm8gQnJhc2lsLSBub3ZhcyBldmlkZcyCbmNpYXMgYSBwYXJ0aXIgZGUgdW0gbW9kZWxvIHRlbXBvLXZhcmlhbnRlIC5wZGYAEwABLwAAFQACABP//wAAAAgADQAaACQBPwAAAAAAAAIBAAAAAAAAAAUAAAAAAAAAAAAAAAAAAART},
}

@article{EstrellaMishkin1998,
author = {A,Estrella, F (1998), Mishkin },
date-added = {2021-11-19 10:51:54 -0500},
date-modified = {2021-11-19 10:52:47 -0500},
journal = {NBER. Working Paper 6518.},
pages = {p 24},
title = {"Rethinking the role of NAIRU in monetary policy: implications of model formulation and uncertainty"},
year = {},
}

@article{Prescott1986,
author = {E (1986), Prescott},
date-added = {2021-11-19 10:50:48 -0500},
date-modified = {2021-11-19 10:51:46 -0500},
journal = { Carnegie Rochester Conference Series on Public Policy},
pages = {p. 25},
title = {"Theory ahead of business cycle measurement",},
year = {},
}

@manual{NobelPrize1990,
author ={,(1990),The Royal Swedish Academy of Sciences},
note = {Press release},
title = {THIS YEAR'S LAUREATES ARE PIONEERS IN THE THEORY OF FINANCIAL ECONOMICS AND CORPORATE FINANCE},
url = {https://www.nobelprize.org/prizes/economic-sciences/1990/press-release/},
year = {},
bdsk-url-1 = {https://www.nobelprize.org/prizes/economic-sciences/1990/press-release/},
}



