# Fichero de bibliograf?a (escribir en UTF-8)
@Book{Avila,
title = {El modelo de gravedad y los determinantes del comercio entre Colombia y sus principales socios económicos},
author = {H (2016), Avila},
publisher = {},
year = {},
edition = {},
}
@Book{Gujarati2009,
  title = {Basic Econometrics},
  author = {D, Gujarati and D (2009), Porter},
  publisher = {Mc Graw Hill},
  year = {2009},
  edition = {Fifth},
}
@Book{Hamilton,
  title = {Time Series Analysis},
  author = {J (1994), Hamilton},
  publisher = {Princeton University},
  year = {},
  edition = {first},
}
@Book{Watson,
  title = {Introduction to econometrics},
  author = {J, Stock and M (2005), Watson},
  publisher = {Pearson Education},
  year = {},
  edition = {fourth},
}
@Book{Ortega,
  title = {Etimologías lenguaje culto y científico},
  author = {E (2005), Ortega},
  publisher = {Ed. Diana},
  year = {},
  edition = {second},
}
@Book{Krugman,
  title = {Economía internacional: teoría y política},
  author = {P, Krugman and M,Obstfeld and J (2012),Melitz},
  publisher = {Pearson},
  year = {},
  edition = {ninth},
}
@book{Hendry1995,
address = {Cambrindge, United Kingdom},
author = {D (1995), Hendry},
edition = {1st},
publisher = {Oxford University Press},
title = {Dynamic Econometrics},
url = {https://oxford.universitypressscholarship.com/view/10.1093/0198283164.001.0001/acprof-9780198283164},
year = {},
bdsk-url-1 = {https://oxford.universitypressscholarship.com/view/10.1093/0198283164.001.0001/acprof-9780198283164},
}



